@online{MLCB:xacsuat,
author = {Vũ Hữu Tiệp},
title = {Ôn tập Xác Suất cho Machine Learning},
url = {https://goo.gl/BUJH6b}
}

@online{MLCB:phannhom,
author = {Vũ Hữu Tiệp},
title = {Phân nhóm các thuật toán Machine Learning},
url = {https://goo.gl/S6Nwoy}
}

@BOOK{princeCVMLI2012,
author = {Prince, S.J.D.},
title= {{Computer Vision: Models Learning and Inference}},
publisher = {{Cambridge University Press}},
year = 2012}

@online{wiki:machine_learning,
author = {Wikipedia},
title = {Machine Learning},
url = {https://en.wikipedia.org/wiki/Machine_learning}
}